@inproceedings{ijcai2019p329,
  title     = {Perception-Aware Point-Based Value Iteration for Partially Observable Markov Decision Processes},
  author    = {Ghasemi, Mahsa and Topcu, Ufuk},
  booktitle = {Proceedings of the Twenty-Eighth International Joint Conference on
               Artificial Intelligence, {IJCAI-19}},
  publisher = {International Joint Conferences on Artificial Intelligence Organization},
  pages     = {2371--2377},
  year      = {2019},
  month     = {7},
  doi       = {10.24963/ijcai.2019/329},
  url       = {https://doi.org/10.24963/ijcai.2019/329},
}

@InCollection{Spaan12pomdp,
  author =       {Matthijs T. J. Spaan},
  title =        {Partially Observable {M}arkov Decision Processes},
  booktitle =    {Reinforcement Learning: State of the Art},
  publisher =    {Springer Verlag},
  year =         2012,
  editor =       {Marco Wiering and Martijn van Otterlo},
  pages =        {387--414}
}

https://www.cs.cmu.edu/~ggordon/780-fall07/lectures/POMDP_lecture.pdf

https://www.pomdp.org/

http://incompleteideas.net/book/RLbook2020.pdf
